<?xml version="1.0" encoding="UTF-8"?><collection xmlns="http://www.loc.gov/MARC21/slim"><record><leader>00407nam--2200145-i-4500</leader><controlfield tag="001">000012911</controlfield><controlfield tag="002">20161230</controlfield><controlfield tag="005">20161230201030</controlfield><controlfield tag="008">060222s1000------------r-----000-0-eng-d</controlfield><datafield ind1=" " ind2=" " tag="080"><subfield code="a">550.3</subfield></datafield><datafield ind1=" " ind2=" " tag="100"><subfield code="a">Bemmelen, R.W.Van</subfield></datafield><datafield ind1=" " ind2=" " tag="245"><subfield code="a">Geodynamic models.an evaluation and a synthesi</subfield></datafield><datafield ind1=" " ind2=" " tag="260"><subfield code="a">Amsterdam, Elsevier Publishing Company, 1972. Xi + 267 P</subfield></datafield><datafield ind1=" " ind2=" " tag="490"><subfield code="a">Development In Geotectonics</subfield></datafield><datafield ind1=" " ind2=" " tag="852"><subfield code="a">45431</subfield></datafield></record></collection>